<?xml version="1.0" encoding="UTF-8"?><collection xmlns="http://www.loc.gov/MARC21/slim"><record><leader>00511nam--2200181-i-4500</leader><controlfield tag="001">000023087</controlfield><controlfield tag="002">20161230</controlfield><controlfield tag="005">20161230201034</controlfield><controlfield tag="008">060222s1000------------r-----000-0-eng-d</controlfield><datafield ind1=" " ind2=" " tag="040"><subfield code="a">IFIN-HH</subfield></datafield><datafield ind1=" " ind2=" " tag="080"><subfield code="a">53</subfield></datafield><datafield ind1="1" ind2=" " tag="100"><subfield code="a">Hudes, Isidore And Moriber, George</subfield></datafield><datafield ind1="1" ind2="0" tag="245"><subfield code="a">Laboratory studies in the physical sciences</subfield><subfield code="c">George moriber, isidore hudes</subfield></datafield><datafield ind1=" " ind2=" " tag="260"><subfield code="a">New York</subfield><subfield code="b">Harper &amp; Row, Publ</subfield><subfield code="c">1971</subfield></datafield><datafield ind1=" " ind2=" " tag="300"><subfield code="a">VII + 269 P</subfield></datafield><datafield ind1="1" ind2=" " tag="700"><subfield code="a">Hudes, Isidore</subfield></datafield><datafield ind1=" " ind2=" " tag="852"><subfield code="a">35519</subfield><subfield code="c">53.08</subfield></datafield><datafield ind1=" " ind2=" " tag="CAT"><subfield code="a">Sys</subfield><subfield code="c">20151029</subfield><subfield code="h">091723</subfield></datafield></record></collection>